<?xml version="1.0" encoding="UTF-8"?>
  <record xmlns="http://www.loc.gov/MARC21/slim" type="Authority">
    <leader>00000nz  a2200000nc 4500</leader>
    <controlfield tag="001">118882945</controlfield>
    <controlfield tag="003">DE-101</controlfield>
    <controlfield tag="005">20220721175733.0</controlfield>
    <controlfield tag="008">891027n||azznnaabn           | aaa    |c</controlfield>
    <datafield tag="024" ind1="7" ind2=" ">
      <subfield code="a">118882945</subfield>
      <subfield code="0">http://d-nb.info/gnd/118882945</subfield>
      <subfield code="2">gnd</subfield>
    </datafield>
    <datafield tag="035" ind1=" " ind2=" ">
      <subfield code="a">(DE-101)118882945</subfield>
    </datafield>
    <datafield tag="035" ind1=" " ind2=" ">
      <subfield code="a">(DE-588)118882945</subfield>
    </datafield>
    <datafield tag="035" ind1=" " ind2=" ">
      <subfield code="z">(DE-588a)118882945</subfield>
      <subfield code="9">v:zg</subfield>
    </datafield>
    <datafield tag="035" ind1=" " ind2=" ">
      <subfield code="z">(DE-588c)4220163-9</subfield>
      <subfield code="9">v:zg</subfield>
    </datafield>
    <datafield tag="040" ind1=" " ind2=" ">
      <subfield code="a">DE-12</subfield>
      <subfield code="c">DE-12</subfield>
      <subfield code="9">r:DE-12</subfield>
      <subfield code="b">ger</subfield>
      <subfield code="d">9999</subfield>
    </datafield>
    <datafield tag="042" ind1=" " ind2=" ">
      <subfield code="a">gnd1</subfield>
    </datafield>
    <datafield tag="043" ind1=" " ind2=" ">
      <subfield code="c">XA-IT</subfield>
    </datafield>
    <datafield tag="065" ind1=" " ind2=" ">
      <subfield code="a">16.5p</subfield>
      <subfield code="2">sswd</subfield>
    </datafield>
    <datafield tag="075" ind1=" " ind2=" ">
      <subfield code="b">p</subfield>
      <subfield code="2">gndgen</subfield>
    </datafield>
    <datafield tag="075" ind1=" " ind2=" ">
      <subfield code="b">piz</subfield>
      <subfield code="2">gndspec</subfield>
    </datafield>
    <datafield tag="079" ind1=" " ind2=" ">
      <subfield code="a">g</subfield>
      <subfield code="q">s</subfield>
      <subfield code="q">a</subfield>
      <subfield code="q">f</subfield>
      <subfield code="u">w</subfield>
    </datafield>
    <datafield tag="100" ind1="0" ind2=" ">
      <subfield code="a">Cosimo</subfield>
      <subfield code="b">III.</subfield>
      <subfield code="c">Toskana, Großherzog</subfield>
      <subfield code="d">1639-1723</subfield>
    </datafield>
    <datafield tag="400" ind1="0" ind2=" ">
      <subfield code="a">Cosimo</subfield>
      <subfield code="b">III.</subfield>
      <subfield code="c">Tuscany, Grand-Duke</subfield>
      <subfield code="d">1639-1723</subfield>
      <subfield code="9">v:LoC-NA</subfield>
    </datafield>
    <datafield tag="400" ind1="0" ind2=" ">
      <subfield code="a">Cosimo</subfield>
      <subfield code="b">III.</subfield>
      <subfield code="c">de' Medici</subfield>
      <subfield code="d">1639-1723</subfield>
    </datafield>
    <datafield tag="400" ind1="0" ind2=" ">
      <subfield code="a">Cosimo</subfield>
      <subfield code="b">III.</subfield>
      <subfield code="c">Toscana, Großherzog</subfield>
      <subfield code="d">1639-1723</subfield>
    </datafield>
    <datafield tag="400" ind1="0" ind2=" ">
      <subfield code="a">Cosmo</subfield>
      <subfield code="b">III.</subfield>
      <subfield code="c">Toscana, Granduca</subfield>
      <subfield code="d">1639-1723</subfield>
    </datafield>
    <datafield tag="400" ind1="0" ind2=" ">
      <subfield code="a">Cosimo</subfield>
      <subfield code="b">III.</subfield>
      <subfield code="c">Toscana, Granduce</subfield>
      <subfield code="d">1639-1723</subfield>
    </datafield>
    <datafield tag="400" ind1="0" ind2=" ">
      <subfield code="a">Cosmo</subfield>
      <subfield code="b">III.</subfield>
      <subfield code="c">Medici, Duce</subfield>
      <subfield code="d">1639-1723</subfield>
    </datafield>
    <datafield tag="400" ind1="0" ind2=" ">
      <subfield code="a">Cosmo</subfield>
      <subfield code="b">III.</subfield>
      <subfield code="c">Toscana, Herzog</subfield>
      <subfield code="d">1639-1723</subfield>
    </datafield>
    <datafield tag="400" ind1="0" ind2=" ">
      <subfield code="a">Cosmus</subfield>
      <subfield code="c">Mediceus</subfield>
      <subfield code="d">1639-1723</subfield>
    </datafield>
    <datafield tag="400" ind1="0" ind2=" ">
      <subfield code="a">Cosmus</subfield>
      <subfield code="b">III.</subfield>
      <subfield code="c">Etruria, Dux</subfield>
      <subfield code="d">1639-1723</subfield>
    </datafield>
    <datafield tag="400" ind1="0" ind2=" ">
      <subfield code="a">Cosmus</subfield>
      <subfield code="b">III.</subfield>
      <subfield code="c">Etruria, Princeps</subfield>
      <subfield code="d">1639-1723</subfield>
    </datafield>
    <datafield tag="400" ind1="1" ind2=" ">
      <subfield code="a">De'Medici, Cosimo</subfield>
      <subfield code="d">1639-1723</subfield>
    </datafield>
    <datafield tag="400" ind1="0" ind2=" ">
      <subfield code="a">Cosimo</subfield>
      <subfield code="b">III.</subfield>
      <subfield code="c">Toscana, Granduca</subfield>
      <subfield code="d">1639-1723</subfield>
    </datafield>
    <datafield tag="400" ind1="1" ind2=" ">
      <subfield code="a">Medici, Cosimo &#152;de'&#156;</subfield>
      <subfield code="d">1639-1723</subfield>
    </datafield>
    <datafield tag="400" ind1="0" ind2=" ">
      <subfield code="9">L:fre</subfield>
      <subfield code="a">Cosimo</subfield>
      <subfield code="b">III</subfield>
      <subfield code="c">Grand-Duc de Toscane</subfield>
      <subfield code="d">1639-1723</subfield>
      <subfield code="5">CH-GND</subfield>
    </datafield>
    <datafield tag="400" ind1="0" ind2=" ">
      <subfield code="9">L:eng</subfield>
      <subfield code="a">Cosimo</subfield>
      <subfield code="b">III</subfield>
      <subfield code="c">Grand Duke of Tuscany</subfield>
      <subfield code="d">1639-1723</subfield>
      <subfield code="5">CH-GND</subfield>
    </datafield>
    <datafield tag="400" ind1="1" ind2=" ">
      <subfield code="a">Medici, Cosimo de'</subfield>
      <subfield code="c">Grossherzog der Toskana</subfield>
      <subfield code="d">1639-1723</subfield>
    </datafield>
    <datafield tag="400" ind1="1" ind2=" ">
      <subfield code="a">Medici, Cosimo de'</subfield>
      <subfield code="c">Grand-Duc de Toscane</subfield>
      <subfield code="d">1639-1723</subfield>
    </datafield>
    <datafield tag="400" ind1="1" ind2=" ">
      <subfield code="a">Medici, Cosimo de'</subfield>
      <subfield code="c">Grand Duke of Tuscany</subfield>
      <subfield code="d">1639-1723</subfield>
    </datafield>
    <datafield tag="400" ind1="0" ind2=" ">
      <subfield code="a">Cosimo</subfield>
      <subfield code="b">III</subfield>
      <subfield code="c">de' Medici, Grossherzog der Toskana</subfield>
      <subfield code="d">1639-1723</subfield>
    </datafield>
    <datafield tag="400" ind1="0" ind2=" ">
      <subfield code="a">Cosimo</subfield>
      <subfield code="b">III</subfield>
      <subfield code="c">de' Medici, Grand-Duc de Toscane</subfield>
      <subfield code="d">1639-1723</subfield>
    </datafield>
    <datafield tag="400" ind1="0" ind2=" ">
      <subfield code="a">Cosimo</subfield>
      <subfield code="b">III</subfield>
      <subfield code="c">de' Medici, Grand Duke of Tuscany</subfield>
      <subfield code="d">1639-1723</subfield>
    </datafield>
    <datafield tag="400" ind1="1" ind2=" ">
      <subfield code="a">De'Medici, Cosimo</subfield>
      <subfield code="c">Grossherzog der Toskana</subfield>
      <subfield code="d">1639-1723</subfield>
    </datafield>
    <datafield tag="400" ind1="1" ind2=" ">
      <subfield code="a">De'Medici, Cosimo</subfield>
      <subfield code="c">Grand-Duc de Toscane</subfield>
      <subfield code="d">1639-1723</subfield>
    </datafield>
    <datafield tag="400" ind1="1" ind2=" ">
      <subfield code="a">De'Medici, Cosimo</subfield>
      <subfield code="c">Grand Duke of Tuscany</subfield>
      <subfield code="d">1639-1723</subfield>
    </datafield>
    <datafield tag="400" ind1="0" ind2=" ">
      <subfield code="a">Cosmo</subfield>
      <subfield code="b">III</subfield>
      <subfield code="c">Grossherzog der Toskana</subfield>
      <subfield code="d">1639-1723</subfield>
    </datafield>
    <datafield tag="400" ind1="0" ind2=" ">
      <subfield code="a">Cosmo</subfield>
      <subfield code="b">III</subfield>
      <subfield code="c">Grand-Duc de Toscane</subfield>
      <subfield code="d">1639-1723</subfield>
    </datafield>
    <datafield tag="400" ind1="0" ind2=" ">
      <subfield code="a">Côme</subfield>
      <subfield code="b">III.</subfield>
      <subfield code="c">Grand-Duc de Toscane</subfield>
      <subfield code="d">1639-1723</subfield>
    </datafield>
    <datafield tag="400" ind1="0" ind2=" ">
      <subfield code="a">Cosmo</subfield>
      <subfield code="b">III</subfield>
      <subfield code="c">Grand Duke of Tuscany</subfield>
      <subfield code="d">1639-1723</subfield>
    </datafield>
    <datafield tag="400" ind1="0" ind2=" ">
      <subfield code="a">Cosmus</subfield>
      <subfield code="c">Mediceus, Grossherzog der Toskana</subfield>
      <subfield code="d">1639-1723</subfield>
    </datafield>
    <datafield tag="400" ind1="0" ind2=" ">
      <subfield code="a">Cosmus</subfield>
      <subfield code="c">Mediceus, Grand-Duc de Toscane</subfield>
      <subfield code="d">1639-1723</subfield>
    </datafield>
    <datafield tag="400" ind1="0" ind2=" ">
      <subfield code="a">Cosmus</subfield>
      <subfield code="c">Mediceus, Grand Duke of Tuscany</subfield>
      <subfield code="d">1639-1723</subfield>
    </datafield>
    <datafield tag="400" ind1="0" ind2=" ">
      <subfield code="a">Cosmus</subfield>
      <subfield code="b">III</subfield>
      <subfield code="c">Princeps Etruriae</subfield>
      <subfield code="d">1639-1723</subfield>
    </datafield>
    <datafield tag="400" ind1="0" ind2=" ">
      <subfield code="a">Cosmus</subfield>
      <subfield code="c">Mediceus, Princeps Etruriae</subfield>
      <subfield code="d">1639-1723</subfield>
    </datafield>
    <datafield tag="400" ind1="0" ind2=" ">
      <subfield code="a">Cosimo</subfield>
      <subfield code="b">III.</subfield>
      <subfield code="c">Toskana, Grossherzog</subfield>
      <subfield code="d">1639-1723</subfield>
    </datafield>
    <datafield tag="400" ind1="0" ind2=" ">
      <subfield code="a">Cosimo</subfield>
      <subfield code="b">III</subfield>
      <subfield code="c">Grossherzog der Toskana</subfield>
      <subfield code="d">1639-1723</subfield>
    </datafield>
    <datafield tag="500" ind1="0" ind2=" ">
      <subfield code="0">(DE-101)118896628</subfield>
      <subfield code="0">(DE-588)118896628</subfield>
      <subfield code="0">https://d-nb.info/gnd/118896628</subfield>
      <subfield code="a">Ferdinand</subfield>
      <subfield code="c">Toskana, Erbprinz</subfield>
      <subfield code="d">1663-1713</subfield>
      <subfield code="4">bezf</subfield>
      <subfield code="4">https://d-nb.info/standards/elementset/gnd#familialRelationship</subfield>
      <subfield code="w">r</subfield>
      <subfield code="i">Beziehung familiaer</subfield>
      <subfield code="e">Beziehung familiaer</subfield>
      <subfield code="9">v:Sohn</subfield>
    </datafield>
    <datafield tag="548" ind1=" " ind2=" ">
      <subfield code="a">1639-1723</subfield>
      <subfield code="4">datl</subfield>
      <subfield code="4">https://d-nb.info/standards/elementset/gnd#dateOfBirthAndDeath</subfield>
      <subfield code="w">r</subfield>
      <subfield code="i">Lebensdaten</subfield>
      <subfield code="9">v:Geburtsjahr abweichend 1642</subfield>
    </datafield>
    <datafield tag="667" ind1=" " ind2=" ">
      <subfield code="a">7</subfield>
    </datafield>
    <datafield tag="667" ind1=" " ind2=" ">
      <subfield code="a">12</subfield>
    </datafield>
    <datafield tag="667" ind1=" " ind2=" ">
      <subfield code="a">VD-17</subfield>
    </datafield>
    <datafield tag="667" ind1=" " ind2=" ">
      <subfield code="a">Kommentare BIB-Oechslin: Info aus: Gemeinsame Normdatei; Vorlage (Widmungsempfänger) ; Geburtsjahr abweichend ebenfalls gemäss GND: 1642</subfield>
      <subfield code="5">CH-ZuETHN</subfield>
    </datafield>
    <datafield tag="670" ind1=" " ind2=" ">
      <subfield code="a">LUI</subfield>
    </datafield>
    <datafield tag="670" ind1=" " ind2=" ">
      <subfield code="a">M</subfield>
    </datafield>
    <datafield tag="670" ind1=" " ind2=" ">
      <subfield code="a">GND</subfield>
    </datafield>
    <datafield tag="672" ind1=" " ind2="0">
      <subfield code="a">Cosimo &lt;Toscana, Granduce, III.&gt;: De twee reizen door de Nederlanden (1667-1669)</subfield>
      <subfield code="f">1919</subfield>
    </datafield>
    <datafield tag="672" ind1=" " ind2="0">
      <subfield code="a">Magalotti, Lorenzo: Travels of Cosmo III., Grand Duke of Toscany through England during t*</subfield>
      <subfield code="f">1821</subfield>
    </datafield>
    <datafield tag="672" ind1=" " ind2="0">
      <subfield code="a">Reutenfels, Jacob: De rebus Moschoviticis ad serenissimum magnum Hetruriae ducem Cosmum T*</subfield>
      <subfield code="f">1680</subfield>
    </datafield>
    <datafield tag="672" ind1=" " ind2="0">
      <subfield code="a">Magalotti, Lorenzo: Travels of Cosmo the Third, Grand Duke of Tuscany, through England 16*</subfield>
      <subfield code="f">1821</subfield>
    </datafield>
    <datafield tag="678" ind1=" " ind2=" ">
      <subfield code="b">Geburtsjahr abweichend auch 1642</subfield>
    </datafield>
    <datafield tag="913" ind1=" " ind2=" ">
      <subfield code="S">pnd</subfield>
      <subfield code="i">5</subfield>
      <subfield code="a">Cosimo &lt;Toscana, Granduca, III.&gt;</subfield>
      <subfield code="0">(DE-588a)118882945</subfield>
    </datafield>
    <datafield tag="913" ind1=" " ind2=" ">
      <subfield code="S">pnd</subfield>
      <subfield code="i">5</subfield>
      <subfield code="a">Cosimo &lt;Toskana, Großherzog, III.&gt;</subfield>
      <subfield code="0">(DE-588a)118882945</subfield>
    </datafield>
  </record>
